@manual{janc2014tacim,
    author = {Arthur Janc and Michal Zalewski},
    title = {Technical analysis of client identification mechanisms},
    organization = {Google},
    year = {2014},
    url = {https://www.chromium.org/Home/chromium-security/client-identification-mechanisms#TOC-Explicitly-assigned-client-side-identifiers}
}

@manual{nwg1999http,
    author = {Network Working Group},
    title = {Hypertext Transfer Protocol},
    organization = {IETF},
    year = {1999},
    url = {https://www.ietf.org/rfc/rfc2616.txt}
}

@manual{w3cwg2013html,
    author = {W3C Working Group},
    title = {Hypertext Markup Language},
    organization = {W3C},
    year = {2013},
    url = {https://www.w3.org/TR/html-markup/Overview.html#toc}
}
% @Manual{downes2002shortams,
%   title = 	 {{Short Math Guide for \LaTeX{}}},
%   author = 	 {Downes,, Michael},
%   organization = {American Mathematical Society},
%   year = 	 {2002},
%   url = 	 {ftp://ftp.ams.org/pub/tex/doc/amsmath/short-math-guide.pdf}
% }

% @Book{ungar2002uvod,
%   author = 	 {Šime Ungar},
%   title = 	 {{Uvod u \TeX{} s naglaskom na \LaTeX 2$\epsilon$}},
%   publisher = 	 {Odjel za matematiku, Sveučilište J.J.\ Strossmayera u Osijeku},
%   year = 	 {2002}
% }
